<record><leader>00000cas a22000007a 4500</leader><controlfield tag="001">13475050</controlfield><controlfield tag="008">860422d18501853wvudr ne      0    0eng d</controlfield><datafield ind1=" " ind2=" " tag="010"><subfield code="a">sn 86092493 </subfield></datafield><datafield ind1=" " ind2=" " tag="040"><subfield code="a">WVC</subfield><subfield code="b">eng</subfield><subfield code="c">WVC</subfield><subfield code="d">DLC</subfield><subfield code="d">OCL</subfield><subfield code="d">NVK</subfield><subfield code="d">OCLCF</subfield><subfield code="d">OCLCO</subfield></datafield><datafield ind1="1" ind2=" " tag="029"><subfield code="a">AU@</subfield><subfield code="b">000024123374</subfield></datafield><datafield ind1=" " ind2=" " tag="042"><subfield code="a">msc</subfield></datafield><datafield ind1="0" ind2="4" tag="245"><subfield code="a">The Wheeling times and gazette.</subfield></datafield><datafield ind1=" " ind2=" " tag="260"><subfield code="a">Wheeling, Va. [W. Va.] :</subfield><subfield code="b">E.R. Bartleson &amp; Co.,</subfield><subfield code="c">1850-</subfield></datafield><datafield ind1=" " ind2=" " tag="300"><subfield code="a">v.</subfield></datafield><datafield ind1=" " ind2=" " tag="310"><subfield code="a">Daily</subfield></datafield><datafield ind1="0" ind2=" " tag="362"><subfield code="a">Vol. 2, no. 98 (Apr. 25, 1850)-</subfield></datafield><datafield ind1="1" ind2=" " tag="362"><subfield code="a">Ceased in 1853.</subfield><subfield code="z">Cf. Norona and Shetler.  W.Va. Imprints.</subfield></datafield><datafield ind1=" " ind2=" " tag="500"><subfield code="a">Editor: J.E. Wharton.</subfield></datafield><datafield ind1=" " ind2="0" tag="651"><subfield code="a">Wheeling (W. Va.)</subfield><subfield code="v">Newspapers.</subfield></datafield><datafield ind1=" " ind2="7" tag="655"><subfield code="a">Newspapers.</subfield><subfield code="2">fast</subfield><subfield code="0">(OCoLC)fst01423814</subfield></datafield><datafield ind1=" " ind2="7" tag="651"><subfield code="a">West Virginia</subfield><subfield code="z">Wheeling.</subfield><subfield code="2">fast</subfield><subfield code="0">(OCoLC)fst01213675</subfield></datafield><datafield ind1=" " ind2=" " tag="752"><subfield code="a">United States</subfield><subfield code="b">West Virginia</subfield><subfield code="c">Ohio</subfield><subfield code="d">Wheeling.</subfield></datafield><datafield ind1="0" ind2=" " tag="775"><subfield code="t">Wheeling gazette (Wheeling, Va. : 1846)</subfield><subfield code="w">(DLC)sn 86092489</subfield></datafield><datafield ind1="0" ind2="0" tag="780"><subfield code="t">Daily Wheeling gazette</subfield><subfield code="w">(DLC)sn 86092492</subfield></datafield><datafield ind1="0" ind2="0" tag="785"><subfield code="t">Daily Wheeling times and gazette</subfield><subfield code="w">(DLC)sn 84038591</subfield></datafield></record>